@MASTERTHESIS{mehta82,
  AUTHOR = "Mehta, Nimish",
  TITLE = "A Flexible Machine Interface",
  HOWPUBLISHED = "Department of Electrical Engineering, University
  of Toronto supervised by Professor K.C. Smith",
  YEAR = "1982"
}