@online{atmwiki_ortsfrequenz_????,
	title = {Ortsfrequenz},
	url = {http://www.otterstedt.de/wiki/index.php/Ortsfrequenz},
	author = {{AtmWiki}},
	urldate = {2016-12-02},
}

@online{poynton_chroma_????,
	title = {Chroma subsampling notation},
	url = {http://www.poynton.com/PDFs/Chroma_subsampling_notation.pdf},
	author = {Poynton, Charles},
	urldate = {2016-11-30},
}

@misc{itu-t_recommendation_1995,
	title = {Recommendation {ITU}-R {BT}.601-5: Studio encoding Parameters of  digital television for standard 4:3 and wide-screen 16:9 aspect ratios},
	url = {https://www.itu.int/dms_pubrec/itu-r/rec/bt/R-REC-BT.601-5-199510-S!!PDF-E.pdf},
	author = {{ITU-T}},
	urldate = {2016-11-30},
	year = {1995},
}
@book{symes_peter_digital_2004,
	title = {Digital Video Compression},
	isbn = {0-07-142487-3},
	publisher = {The {McGraw}-Hill Companies, Inc},
	author = {Symes, Peter},
	year = {2004}
}

@book{dankmeier_grundkurs_2006,
	location = {Vieweg},
	edition = {3., überarb. und erw. Aufl.},
	title = {Grundkurs Codierung Verschlüsselung, Kompression, Fehlerbeseitigung},
	isbn = {3-528-25399-1},
	publisher = {Wiesbaden},
	author = {Dankmeier, Wilfried},
	year = {2006}
}


@book{akramullah_digital_2014,
	location = {Berkeley, {CA}},
	title = {Digital Video Concepts, Methods, and Metrics},
	isbn = {978-1-4302-6712-6 978-1-4302-6713-3},
	url = {http://link.springer.com/10.1007/978-1-4302-6713-3},
	publisher = {Apress},
	author = {Akramullah, Shahriar},
	urldate = {2016-10-22},
	year = {2014},
	langid = {english},
}



@misc{itu-t_h.261:_1993,
	title = {H.261: Video Codec  For Audiovisual Services  At  p × 64  kbits},
	author = {{ITU-T}},
	year = {1993},
}

