@ONLINE{H261,
	title = {H.261 : Video codec for audiovisual services at p x 64 kbit/s},
	url = {http://www.itu.int/rec/T-REC-H.261-199303-I/en},
	year = {1993},
	author = {ITU-T},
	urldate = {2016-10-14}
}

@ARTICLE{Lennie1985,
	title = {SPATIAL FREQUENCY ANALYSIS IN THE VISUAL SYSTEM},
	author = {Shapley, Robert and Lennie,Peter},
	year = {1985}
	}